<?xml version="1.0" encoding="UTF-8"?><record xmlns="http://www.loc.gov/MARC21/slim" xmlns:cinclude="http://apache.org/cocoon/include/1.0" xmlns:zs="http://www.loc.gov/zing/srw/">
  <leader>00605cz  a2200133n  4500</leader>
  <controlfield tag="001">n 2005170497</controlfield>
  <controlfield tag="003">DLC</controlfield>
  <controlfield tag="005">20120816080024.0</controlfield>
  <controlfield tag="008">050301n| acannaabn          |n aaa      </controlfield>
  <datafield tag="010" ind1=" " ind2=" ">
    <subfield code="a">n 2005170497</subfield>
  </datafield>
  <datafield tag="040" ind1=" " ind2=" ">
    <subfield code="a">DLC</subfield>
    <subfield code="b">eng</subfield>
    <subfield code="c">DLC</subfield>
    <subfield code="d">DLC</subfield>
  </datafield>
  <datafield tag="100" ind1="1" ind2=" ">
    <subfield code="a">Sherburne, Joseph,</subfield>
    <subfield code="c">of Phillips, Me.</subfield>
  </datafield>
  <datafield tag="667" ind1=" " ind2=" ">
    <subfield code="a">THIS 1XX FIELD CANNOT BE USED UNDER RDA UNTIL THIS RECORD HAS BEEN REVIEWED AND/OR UPDATED</subfield>
  </datafield>
  <datafield tag="670" ind1=" " ind2=" ">
    <subfield code="a">NUCMC data from University of Montana, K. Ross Toole Archives for Sherburne family papers, 1823-1962</subfield>
    <subfield code="b">(Joseph Sherburne; resident of Phillips, Me.; father of Montana businessman Joseph Herbert Sherburne (1851-1938))</subfield>
  </datafield>
</record>